%% Saved with string encoding Unicode (UTF-8) 

%% Ridge in pp
@article{Khachatryan:2015lva,
    author = "Khachatryan, Vardan and others",
    archivePrefix = "arXiv",
    collaboration = "CMS",
    doi = "10.1103/PhysRevLett.116.172302",
    eprint = "1510.03068",
    journal = "Phys. Rev. Lett.",
    number = "17",
    pages = "172302",
    primaryClass = "nucl-ex",
    reportNumber = "CMS-FSQ-15-002, CERN-PH-EP-2015-271",
    title = "{Measurement of long-range near-side two-particle angular correlations in pp collisions at $\sqrt s =$13 TeV}",
    volume = "116",
    year = "2016"
}
@article{Khachatryan:2016txc,
    author = "Khachatryan, Vardan and others",
    archivePrefix = "arXiv",
    collaboration = "CMS",
    doi = "10.1016/j.physletb.2016.12.009",
    eprint = "1606.06198",
    journal = "Phys. Lett. B",
    pages = "193--220",
    primaryClass = "nucl-ex",
    reportNumber = "CMS-HIN-16-010, CERN-EP-2016-147",
    title = "{Evidence for collectivity in pp collisions at the LHC}",
    volume = "765",
    year = "2017"
}
@article{Acharya:2019vdf,
    author = "Acharya, Shreyasi and others",
    archivePrefix = "arXiv",
    collaboration = "ALICE",
    doi = "10.1103/PhysRevLett.123.142301",
    eprint = "1903.01790",
    journal = "Phys. Rev. Lett.",
    number = "14",
    pages = "142301",
    primaryClass = "nucl-ex",
    reportNumber = "CERN-EP-2019-033",
    title = "{Investigations of Anisotropic Flow Using Multiparticle Azimuthal Correlations in pp, p-Pb, Xe-Xe, and Pb-Pb Collisions at the LHC}",
    volume = "123",
    year = "2019"
}

%% theory
@article{Mantysaari:2017cni,
    author = "Mantysaari, Heikki and Schenke, Bjorn and Shen, Chun and Tribedy, Prithwish",
    archivePrefix = "arXiv",
    doi = "10.1016/j.physletb.2017.07.038",
    eprint = "1705.03177",
    journal = "Phys. Lett. B",
    pages = "681--686",
    primaryClass = "nucl-th",
    title = "{Imprints of fluctuating proton shapes on flow in proton-lead collisions at the LHC}",
    volume = "772",
    year = "2017"
}
@article{Zhao:2017rgg,
    author = "Zhao, Wenbin and Zhou, You and Xu, Haojie and Deng, Weitian and Song, Huichao",
    archivePrefix = "arXiv",
    doi = "10.1016/j.physletb.2018.03.022",
    eprint = "1801.00271",
    journal = "Phys. Lett. B",
    pages = "495--500",
    primaryClass = "nucl-th",
    title = "{Hydrodynamic collectivity in proton--proton collisions at 13 TeV}",
    volume = "780",
    year = "2018"
}
@article{Welsh:2016siu,
    author = "Welsh, Kevin and Singer, Jordan and Heinz, Ulrich W.",
    archivePrefix = "arXiv",
    doi = "10.1103/PhysRevC.94.024919",
    eprint = "1605.09418",
    journal = "Phys. Rev. C",
    number = "2",
    pages = "024919",
    primaryClass = "nucl-th",
    title = "{Initial state fluctuations in collisions between light and heavy ions}",
    volume = "94",
    year = "2016"
}
@article{Greif:2017bnr,
    author = "Greif, Moritz and Greiner, Carsten and Schenke, Björn and Schlichting, Sören and Xu, Zhe",
    archivePrefix = "arXiv",
    doi = "10.1103/PhysRevD.96.091504",
    eprint = "1708.02076",
    journal = "Phys. Rev. D",
    number = "9",
    pages = "091504",
    primaryClass = "hep-ph",
    title = "{Importance of initial and final state effects for azimuthal correlations in p+Pb collisions}",
    volume = "96",
    year = "2017"
}
@article{Poskanzer:1998yz,
      author         = "Poskanzer, Arthur M. and Voloshin, S. A.",
      title          = "{Methods for analyzing anisotropic flow in relativistic
                        nuclear collisions}",
      journal        = "Phys. Rev.",
      volume         = "C58",
      year           = "1998",
      pages          = "1671-1678",
      doi            = "10.1103/PhysRevC.58.1671",
      eprint         = "nucl-ex/9805001",
      archivePrefix  = "arXiv",
      primaryClass   = "nucl-ex",
      SLACcitation   = "%%CITATION = NUCL-EX/9805001;%%"
}

@article{Csernai:2006zz,
      author         = "Csernai, Laszlo P. and Kapusta, Joseph.I. and McLerran,
                        Larry D.",
      title          = "{On the Strongly-Interacting Low-Viscosity Matter Created
                        in Relativistic Nuclear Collisions}",
      journal        = "Phys. Rev. Lett.",
      volume         = "97",
      year           = "2006",
      pages          = "152303",
      doi            = "10.1103/PhysRevLett.97.152303",
      eprint         = "nucl-th/0604032",
      archivePrefix  = "arXiv",
      primaryClass   = "nucl-th",
      SLACcitation   = "%%CITATION = NUCL-TH/0604032;%%"
}

@article{Voloshin:2008dg,
      author         = "Voloshin, Sergei A. and Poskanzer, Arthur M. and
                        Snellings, Raimond",
      title          = "{Collective phenomena in non-central nuclear collisions}",
      year           = "2008",
      eprint         = "0809.2949",
      archivePrefix  = "arXiv",
      primaryClass   = "nucl-ex",
      SLACcitation   = "%%CITATION = ARXIV:0809.2949;%%"
}

@article{Abelev:2012di,
      author         = "Abelev, Betty and others",
      title          = "{Anisotropic flow of charged hadrons, pions and
                        (anti-)protons measured at high transverse momentum in
                        Pb-Pb collisions at $\sqrt{s_{NN}}$=2.76 TeV}",
      collaboration  = "ALICE",
      journal        = "Phys. Lett.",
      volume         = "B719",
      year           = "2013",
      pages          = "18-28",
      doi            = "10.1016/j.physletb.2012.12.066",
      eprint         = "1205.5761",
      archivePrefix  = "arXiv",
      primaryClass   = "nucl-ex",
      reportNumber   = "CERN-PH-EP-2012-142, ALICE-PUBLIC-2015-003",
      SLACcitation   = "%%CITATION = ARXIV:1205.5761;%%"
}

@article{Gubser:2010ui,
      author         = "Gubser, Steven S. and Yarom, Amos",
      title          = "{Conformal hydrodynamics in Minkowski and de Sitter
                        spacetimes}",
      journal        = "Nucl. Phys.",
      volume         = "B846",
      year           = "2011",
      pages          = "469-511",
      doi            = "10.1016/j.nuclphysb.2011.01.012",
      eprint         = "1012.1314",
      archivePrefix  = "arXiv",
      primaryClass   = "hep-th",
      reportNumber   = "PUPT-2358",
      SLACcitation   = "%%CITATION = ARXIV:1012.1314;%%"
}

@article{Dellacasa:1999kf,
	Author = {Dellacasa, G. and others},
	Collaboration = {ALICE},
	Date-Added = {2016-10-25 07:25:53 +0000},
	Date-Modified = {2016-10-25 07:25:53 +0000},
	Reportnumber = {CERN-LHCC-99-12},
	Slaccitation = {%%CITATION = CERN-LHCC-99-12;%%},
	Title = {{ALICE technical design report of the inner tracking system (ITS)}},
	Year = {1999}}

@article{Abbas:2013taa,
	Archiveprefix = {arXiv},
	Author = {Abbas, E. and others},
	Collaboration = {ALICE},
	Date-Added = {2016-10-25 07:23:56 +0000},
	Date-Modified = {2016-10-25 07:23:56 +0000},
	Doi = {10.1088/1748-0221/8/10/P10016},
	Eprint = {1306.3130},
	Journal = {JINST},
	Pages = {P10016},
	Primaryclass = {nucl-ex},
	Reportnumber = {CERN-PH-EP-2013-082},
	Slaccitation = {%%CITATION = ARXIV:1306.3130;%%},
	Title = {{Performance of the ALICE VZERO system}},
	Volume = {8},
	Year = {2013},
	Bdsk-Url-1 = {http://dx.doi.org/10.1088/1748-0221/8/10/P10016}}

@article{Ackermann:2000tr,
	Archiveprefix = {arXiv},
	Author = {Ackermann, K. H. and others},
	Collaboration = {STAR},
	Doi = {10.1103/PhysRevLett.86.402},
	Eprint = {nucl-ex/0009011},
	Journal = {Phys. Rev. Lett.},
	Pages = {402-407},
	Primaryclass = {nucl-ex},
	Slaccitation = {%%CITATION = NUCL-EX/0009011;%%},
	Title = {{Elliptic flow in Au + Au collisions at $\sqrt{s_{\mathrm {NN}}}=130 GeV$}},
	Volume = {86},
	Year = {2001},
	Bdsk-Url-1 = {http://dx.doi.org/10.1103/PhysRevLett.86.402}}

@article{Aamodt:2010pa,
	Archiveprefix = {arXiv},
	Author = {Aamodt, K and others},
	Collaboration = {ALICE},
	Doi = {10.1103/PhysRevLett.105.252302},
	Eprint = {1011.3914},
	Journal = {Phys. Rev. Lett.},
	Pages = {252302},
	Primaryclass = {nucl-ex},
	Slaccitation = {%%CITATION = ARXIV:1011.3914;%%},
	Title = {{Elliptic flow of charged particles in Pb-Pb collisions at 2.76 TeV}},
	Volume = {105},
	Year = {2010},
	Bdsk-Url-1 = {http://dx.doi.org/10.1103/PhysRevLett.105.252302}}


@article{ATLAS:2011ah,
    author = "Aad, Georges and others",
    archivePrefix = "arXiv",
    collaboration = "ATLAS",
    doi = "10.1016/j.physletb.2011.12.056",
    eprint = "1108.6018",
    journal = "Phys. Lett. B",
    pages = "330--348",
    primaryClass = "hep-ex",
    reportNumber = "CERN-PH-EP-2011-124",
    title = "{Measurement of the pseudorapidity and transverse momentum dependence of the elliptic flow of charged particles in lead-lead collisions at $\sqrt{s_{NN}}=2.76$ TeV with the ATLAS detector}",
    volume = "707",
    year = "2012"
}

@article{Aad:2014eoa,
      author         = "Aad, Georges and others",
      title          = "{Measurement of the centrality and pseudorapidity
                        dependence of the integrated elliptic flow in lead-lead
                        collisions at $\sqrt{s_{\mathrm {NN}}}=2.76$ TeV with the
                        ATLAS detector}",
      collaboration  = "ATLAS",
      journal        = "Eur. Phys. J.",
      volume         = "C74",
      year           = "2014",
      number         = "8",
      pages          = "2982",
      doi            = "10.1140/epjc/s10052-014-2982-4",
      eprint         = "1405.3936",
      archivePrefix  = "arXiv",
      primaryClass   = "hep-ex",
      reportNumber   = "CERN-PH-EP-2014-065",
      SLACcitation   = "%%CITATION = ARXIV:1405.3936;%%"
}

@article{Adam:2016izf,
	Archiveprefix = {arXiv},
	Author = {Adam, Jaroslav and others},
	Collaboration = {ALICE},
	Doi = {10.1103/PhysRevLett.116.132302},
	Eprint = {1602.01119},
	Journal = {Phys. Rev. Lett.},
	Number = {13},
	Pages = {132302},
	Primaryclass = {nucl-ex},
	Reportnumber = {CERN-EP-2016-018},
	Slaccitation = {%%CITATION = ARXIV:1602.01119;%%},
	Title = {{Anisotropic flow of charged particles in Pb-Pb collisions at $\sqrt{s_{\rm NN}}=5.02$ TeV}},
	Volume = {116},
	Year = {2016},
	Bdsk-Url-1 = {http://dx.doi.org/10.1103/PhysRevLett.116.132302}}

@article{Romatschke:2007mq,
	Archiveprefix = {arXiv},
	Author = {Romatschke, Paul and Romatschke, Ulrike},
	Doi = {10.1103/PhysRevLett.99.172301},
	Eprint = {0706.1522},
	Journal = {Phys. Rev. Lett.},
	Pages = {172301},
	Primaryclass = {nucl-th},
	Reportnumber = {INT-PUB-07-14},
	Slaccitation = {%%CITATION = ARXIV:0706.1522;%%},
	Title = {{Viscosity Information from Relativistic Nuclear Collisions: How Perfect is the Fluid Observed at RHIC?}},
	Volume = {99},
	Year = {2007},
	Bdsk-Url-1 = {http://dx.doi.org/10.1103/PhysRevLett.99.172301}}


@article{Alver:2006wh,
	Archiveprefix = {arXiv},
	Author = {Alver, B. and others},
	Collaboration = {PHOBOS},
	Doi = {10.1103/PhysRevLett.98.242302},
	Eprint = {nucl-ex/0610037},
	Journal = {Phys. Rev. Lett.},
	Pages = {242302},
	Primaryclass = {nucl-ex},
	Slaccitation = {%%CITATION = NUCL-EX/0610037;%%},
	Title = {{System size, energy, pseudorapidity, and centrality dependence of elliptic flow}},
	Volume = {98},
	Year = {2007},
	Bdsk-Url-1 = {http://dx.doi.org/10.1103/PhysRevLett.98.242302}}

@article{Aamodt:2008zz,
	Author = {Aamodt, K. and others},
	Collaboration = {ALICE},
	Doi = {10.1088/1748-0221/3/08/S08002},
	Journal = {JINST},
	Pages = {S08002},
	Slaccitation = {%%CITATION = JINST,3,S08002;%%},
	Title = {{The ALICE experiment at the CERN LHC}},
	Volume = {3},
	Year = {2008},
	Bdsk-Url-1 = {http://dx.doi.org/10.1088/1748-0221/3/08/S08002}}

@article{Carminati:2004fp,
	Author = {Cortese, P and others},
	Collaboration = {ALICE},
	Doi = {10.1088/0954-3899/30/11/001},
	Journal = {J. Phys.},
	Pages = {1517-1763},
	Slaccitation = {%%CITATION = JPAGA,G30,1517;%%},
	Title = {{ALICE: Physics performance report, volume I}},
	Volume = {G30},
	Year = {2004},
	Bdsk-Url-1 = {http://dx.doi.org/10.1088/0954-3899/30/11/001}}

@article{Alessandro:2006yt,
	Author = {Cortese, P and others},
	Collaboration = {ALICE},
	Doi = {10.1088/0954-3899/32/10/001},
	Journal = {J. Phys.},
	Pages = {1295-2040},
	Slaccitation = {%%CITATION = JPAGA,G32,1295;%%},
	Title = {{ALICE: Physics performance report, volume II}},
	Volume = {G32},
	Year = {2006},
	Bdsk-Url-1 = {http://dx.doi.org/10.1088/0954-3899/32/10/001}}

@article{Aamodt:2010cz,
	Archiveprefix = {arXiv},
	Author = {Aamodt, Kenneth and others},
	Collaboration = {ALICE},
	Doi = {10.1103/PhysRevLett.106.032301},
	Eprint = {1012.1657},
	Journal = {Phys. Rev. Lett.},
	Pages = {032301},
	Primaryclass = {nucl-ex},
	Reportnumber = {CERN-PH-EP-2010-071},
	Slaccitation = {%%CITATION = ARXIV:1012.1657;%%},
	Title = {{Centrality dependence of the charged-particle multiplicity density at mid-rapidity in Pb-Pb collisions at $\sqrt{s_{NN}}=2.76$ TeV}},
	Volume = {106},
	Year = {2011},
	Bdsk-Url-1 = {http://dx.doi.org/10.1103/PhysRevLett.106.032301}}

@article{Brun:1994aa,
      author         = "Brun, René and Bruyant, F. and Carminati, Federico and
                        Giani, Simone and Maire, M. and McPherson, A. and Patrick,
                        G. and Urban, L.",
      title          = "{GEANT Detector Description and Simulation Tool}",
      year           = "1994",
      reportNumber   = "CERN-W5013, CERN-W-5013, W5013, W-5013",
      SLACcitation   = "%%CITATION = CERN-W5013;%%"
}

@article{Adam:2016nfo,
	Archiveprefix = {arXiv},
	Author = {Adam, Jaroslav and others},
	Collaboration = {ALICE},
	Doi = {10.1007/JHEP09(2016)164},
	Eprint = {1606.06057},
	Journal = {JHEP},
	Pages = {164},
	Primaryclass = {nucl-ex},
	Reportnumber = {CERN-EP-2016-159},
	Slaccitation = {%%CITATION = ARXIV:1606.06057;%%},
	Title = {{Higher harmonic flow coefficients of identified hadrons in Pb-Pb collisions at $\sqrt{s_{\rm NN}}$ = 2.76 TeV}},
	Volume = {09},
	Year = {2016},
	Bdsk-Url-1 = {http://dx.doi.org/10.1007/JHEP09(2016)164}}
	
%% ATLAS Flow papers
@article{ATLAS:2011ah,
      author         = "Aad, Georges and others",
      title          = "{Measurement of the pseudorapidity and transverse
                        momentum dependence of the elliptic flow of charged
                        particles in lead-lead collisions at $\sqrt{s_{NN}}=2.76$
                        TeV with the ATLAS detector}",
      collaboration  = "ATLAS",
      journal        = "Phys. Lett.",
      volume         = "B707",
      year           = "2012",
      pages          = "330-348",
      doi            = "10.1016/j.physletb.2011.12.056",
      eprint         = "1108.6018",
      archivePrefix  = "arXiv",
      primaryClass   = "hep-ex",
      reportNumber   = "CERN-PH-EP-2011-124",
      SLACcitation   = "%%CITATION = ARXIV:1108.6018;%%"
}
@article{ATLAS:2012at,
      author         = "Aad, Georges and others",
      title          = "{Measurement of the azimuthal anisotropy for charged
                        particle production in $\sqrt{s_{NN}}=2.76$ TeV lead-lead
                        collisions with the ATLAS detector}",
      collaboration  = "ATLAS",
      journal        = "Phys. Rev.",
      volume         = "C86",
      year           = "2012",
      pages          = "014907",
      doi            = "10.1103/PhysRevC.86.014907",
      eprint         = "1203.3087",
      archivePrefix  = "arXiv",
      primaryClass   = "hep-ex",
      reportNumber   = "CERN-PH-EP-2012-035",
      SLACcitation   = "%%CITATION = ARXIV:1203.3087;%%"
}

%%CMS 
@article{Chatrchyan:2012wg,
      author         = "Chatrchyan, Serguei and others",
      title          = "{Centrality dependence of dihadron correlations and
                        azimuthal anisotropy harmonics in PbPb collisions at
                        $\sqrt{s_{NN}}=2.76$ TeV}",
      collaboration  = "CMS",
      journal        = "Eur. Phys. J.",
      volume         = "C72",
      year           = "2012",
      pages          = "2012",
      doi            = "10.1140/epjc/s10052-012-2012-3",
      eprint         = "1201.3158",
      archivePrefix  = "arXiv",
      primaryClass   = "nucl-ex",
      reportNumber   = "CMS-HIN-11-006, CERN-PH-EP-2011-222",
      SLACcitation   = "%%CITATION = ARXIV:1201.3158;%%"
}
@article{Chatrchyan:2012ta,
      author         = "Chatrchyan, Serguei and others",
      title          = "{Measurement of the elliptic anisotropy of charged
                        particles produced in PbPb collisions at
                        $\sqrt{s}_{NN}$=2.76 TeV}",
      collaboration  = "CMS",
      journal        = "Phys. Rev.",
      volume         = "C87",
      year           = "2013",
      number         = "1",
      pages          = "014902",
      doi            = "10.1103/PhysRevC.87.014902",
      eprint         = "1204.1409",
      archivePrefix  = "arXiv",
      primaryClass   = "nucl-ex",
      reportNumber   = "CMS-HIN-10-002, CERN-PH-EP-2012-095",
      SLACcitation   = "%%CITATION = ARXIV:1204.1409;%%"
}
@article{Chatrchyan:2012xq,
      author         = "Chatrchyan, Serguei and others",
      title          = "{Azimuthal anisotropy of charged particles at high
                        transverse momenta in PbPb collisions at
                        $\sqrt{s_{NN}}=2.76$ TeV}",
      collaboration  = "CMS",
      journal        = "Phys. Rev. Lett.",
      volume         = "109",
      year           = "2012",
      pages          = "022301",
      doi            = "10.1103/PhysRevLett.109.022301",
      eprint         = "1204.1850",
      archivePrefix  = "arXiv",
      primaryClass   = "nucl-ex",
      reportNumber   = "CMS-HIN-11-012, CERN-PH-EP-2012-096",
      SLACcitation   = "%%CITATION = ARXIV:1204.1850;%%"
}

%%ALICE
@article{Abelev:2014pua,
      author         = "Abelev, Betty Bezverkhny and others",
      title          = "{Elliptic flow of identified hadrons in Pb-Pb collisions
                        at $ \sqrt{s_{\mathrm{NN}}}=2.76 $ TeV}",
      collaboration  = "ALICE",
      journal        = "JHEP",
      volume         = "06",
      year           = "2015",
      pages          = "190",
      doi            = "10.1007/JHEP06(2015)190",
      eprint         = "1405.4632",
      archivePrefix  = "arXiv",
      primaryClass   = "nucl-ex",
      reportNumber   = "CERN-PH-EP-2014-104",
      SLACcitation   = "%%CITATION = ARXIV:1405.4632;%%"
}

%%RHIC White papers
@article{Adams:2005dq,
      author         = "Adams, John and others",
      title          = "{Experimental and theoretical challenges in the search
                        for the quark gluon plasma: The STAR Collaboration's
                        critical assessment of the evidence from RHIC collisions}",
      collaboration  = "STAR",
      journal        = "Nucl. Phys.",
      volume         = "A757",
      year           = "2005",
      pages          = "102-183",
      doi            = "10.1016/j.nuclphysa.2005.03.085",
      eprint         = "nucl-ex/0501009",
      archivePrefix  = "arXiv",
      primaryClass   = "nucl-ex",
      SLACcitation   = "%%CITATION = NUCL-EX/0501009;%%"
}
@article{Adcox:2004mh,
      author         = "Adcox, K. and others",
      title          = "{Formation of dense partonic matter in relativistic
                        nucleus-nucleus collisions at RHIC: Experimental
                        evaluation by the PHENIX collaboration}",
      collaboration  = "PHENIX",
      journal        = "Nucl. Phys.",
      volume         = "A757",
      year           = "2005",
      pages          = "184-283",
      doi            = "10.1016/j.nuclphysa.2005.03.086",
      eprint         = "nucl-ex/0410003",
      archivePrefix  = "arXiv",
      primaryClass   = "nucl-ex",
      SLACcitation   = "%%CITATION = NUCL-EX/0410003;%%"
}
@article{Arsene:2004fa,
      author         = "Arsene, I. and others",
      title          = "{Quark gluon plasma and color glass condensate at RHIC?
                        The Perspective from the BRAHMS experiment}",
      collaboration  = "BRAHMS",
      journal        = "Nucl. Phys.",
      volume         = "A757",
      year           = "2005",
      pages          = "1-27",
      doi            = "10.1016/j.nuclphysa.2005.02.130",
      eprint         = "nucl-ex/0410020",
      archivePrefix  = "arXiv",
      primaryClass   = "nucl-ex",
      SLACcitation   = "%%CITATION = NUCL-EX/0410020;%%"
}
@article{Back:2004je,
      author         = "Back, B. B. and others",
      title          = "{The PHOBOS perspective on discoveries at RHIC}",
      collaboration  = "PHOBOS",
      journal        = "Nucl. Phys.",
      volume         = "A757",
      year           = "2005",
      pages          = "28-101",
      doi            = "10.1016/j.nuclphysa.2005.03.084",
      eprint         = "nucl-ex/0410022",
      archivePrefix  = "arXiv",
      primaryClass   = "nucl-ex",
      SLACcitation   = "%%CITATION = NUCL-EX/0410022;%%"
}

@Article{Bernhard2019,
author={Bernhard, Jonah E. and Moreland, J. Scott and Bass, Steffen A.},
title={Bayesian estimation of the specific shear and bulk viscosity of quark-gluon plasma},
journal={Nature Physics},
year={2019},
abstract={Ultrarelativistic collisions of heavy atomic nuclei produce an extremely hot and dense phase of matter, known as quark-gluon plasma (QGP), which behaves like a near-perfect fluid with the smallest specific shear viscosity--the ratio of the shear viscosity to the entropy density--of any known substance1. Due to its transience (lifetime {\textasciitilde} 10-23 s) and microscopic size (10-14 m), the QGP cannot be observed directly, but only through the particles it emits; however, its characteristics can be inferred by matching the output of computational collision models to experimental observations. Previous work, using viscous relativistic hydrodynamics to simulate QGP, has achieved semiquantitative constraints on key physical properties, such as its specific shear and bulk viscosity, but with large, poorly defined uncertainties2-8. Here, we present the most precise estimates so far of QGP properties, including their quantitative uncertainties. By applying established Bayesian parameter estimation methods9 to a dynamical collision model and a wide variety of experimental data, we extract estimates of the temperature-dependent specific shear and bulk viscosity simultaneously with related initial-condition properties. The method is extensible to other collision models and experimental data and may be used to characterize additional aspects of high-energy nuclear collisions.},
issn={1745-2481},
doi={10.1038/s41567-019-0611-8},
url={https://doi.org/10.1038/s41567-019-0611-8}
}

@article{phenixnature,
author = {Li, Xuan},
year = {2019},
month = {03},
pages = {},
title = {Creation of quark-gluon plasma droplets with three distinct geometries},
volume = {15},
journal = {Nature Physics},
doi = {10.1038/s41567-018-0360-0}
}
